@inbook{techwrite,
  title = {The Elements of Technical Writing},
  chapter = {1},
  author = {Gary Blake and Robert W. Bly},
  editor = {},
  publisher = {Macmillan Publishers},
  isbn = {0020130856}
}

@article{myarticle,
  author = {GÃ¼nther Schlonk},
  journal = {Journal of Astrological Big Data Ecology},
  number = {},
  title = {Physics Has A Screw Loose: An Infinite Matter Generator},
  volume = {},
  url = {https://jabde.com/2025/07/08/infinite-matter-generator/},
  year = {2025}
}

@misc{website,
  author = {Therenas},
  howpublished = {\href{https://alt-f4.blog/ALTF4-1/}{AltF4}},
  title = {We Need You!},
  year = {2020},
  note = {Accessed: 2025-03-14}
}